{
  "leader": "02537cam a2200553 i 4500",
  "fields": [
    {
      "001": "ocm04036323\\"
    },
    {
      "003": "OCoLC"
    },
    {
      "005": "20221205174758.0"
    },
    {
      "008": "780612s1978\\\\\\\\nyua\\\\\\\\\\bc\\\\\\000\\0\\eng\\\\"
    },
    {
      "010": {
        "ind1": "\\",
        "ind2": "\\",
        "subfields": [
          {
            "a": "   78054888 "
          }
        ]
      }
    },
    {
      "040": {
        "ind1": "\\",
        "ind2": "\\",
        "subfields": [
          {
            "a": "DLC"
          },
          {
            "b": "eng"
          },
          {
            "c": "DLC"
          },
          {
            "d": "MUQ"
          },
          {
            "d": "BAKER"
          },
          {
            "d": "BTCTA"
          },
          {
            "d": "AU@"
          },
          {
            "d": "VVW"
          },
          {
            "d": "JFK"
          },
          {
            "d": "DPL"
          },
          {
            "d": "MCN"
          },
          {
            "d": "TUU"
          },
          {
            "d": "EUM"
          },
          {
            "d": "OCLCF"
          },
          {
            "d": "CQ{dollar}"
          },
          {
            "d": "GZM"
          },
          {
            "d": "OCLCO"
          },
          {
            "d": "OCLCQ"
          },
          {
            "d": "OCLCA"
          },
          {
            "d": "ZLM"
          },
          {
            "d": "OCL"
          },
          {
            "d": "I8M"
          },
          {
            "d": "OCL"
          },
          {
            "d": "DDD"
          },
          {
            "d": "CCR"
          },
          {
            "d": "OCLCQ"
          },
          {
            "d": "NLC"
          },
          {
            "d": "MOR"
          },
          {
            "d": "DHA"
          },
          {
            "d": "OCLCQ"
          },
          {
            "d": "TYC"
          },
          {
            "d": "UKMGB"
          },
          {
            "d": "COA"
          },
          {
            "d": "INU"
          },
          {
            "d": "OCLCO"
          },
          {
            "d": "MVU"
          },
          {
            "d": "EIB"
          },
          {
            "d": "OCLCO"
          },
          {
            "d": "COM"
          },
          {
            "d": "OCLCO"
          },
          {
            "d": "OCL"
          },
          {
            "d": "YBM"
          }
        ]
      }
    },
    {
      "016": {
        "ind1": "\\",
        "ind2": "\\",
        "subfields": [
          {
            "a": "(AMICUS)000000507608"
          }
        ]
      }
    },
    {
      "016": {
        "ind1": "7",
        "ind2": "\\",
        "subfields": [
          {
            "a": "010257216"
          },
          {
            "2": "Uk"
          }
        ]
      }
    },
    {
      "019": {
        "ind1": "\\",
        "ind2": "\\",
        "subfields": [
          {
            "a": "311076469"
          },
          {
            "a": "1222881590"
          }
        ]
      }
    },
    {
      "020": {
        "ind1": "\\",
        "ind2": "\\",
        "subfields": [
          {
            "a": "0394500571"
          }
        ]
      }
    },
    {
      "020": {
        "ind1": "\\",
        "ind2": "\\",
        "subfields": [
          {
            "a": "9780394500577"
          }
        ]
      }
    },
    {
      "035": {
        "ind1": "\\",
        "ind2": "\\",
        "subfields": [
          {
            "a": "(OCoLC)4036323"
          },
          {
            "z": "(OCoLC)311076469"
          },
          {
            "z": "(OCoLC)1222881590"
          }
        ]
      }
    },
    {
      "043": {
        "ind1": "\\",
        "ind2": "\\",
        "subfields": [
          {
            "a": "n-us-ny"
          }
        ]
      }
    },
    {
      "050": {
        "ind1": "0",
        "ind2": "0",
        "subfields": [
          {
            "a": "N5310"
          },
          {
            "b": ".M286 1978"
          }
        ]
      }
    },
    {
      "055": {
        "ind1": "\\",
        "ind2": "0",
        "subfields": [
          {
            "a": "N5310"
          },
          {
            "b": ".M286"
          }
        ]
      }
    },
    {
      "082": {
        "ind1": "0",
        "ind2": "0",
        "subfields": [
          {
            "a": "709.01107401471"
          },
          {
            "b": "MAS"
          }
        ]
      }
    },
    {
      "245": {
        "ind1": "0",
        "ind2": "0",
        "subfields": [
          {
            "a": "Masterpieces of primitive art /"
          },
          {
            "c": "photographs by Lee Boltin ; text by Douglas Newton ; foreword by Andre\u0301 Malraux ; introduction by Nelson A. Rockefeller."
          }
        ]
      }
    },
    {
      "250": {
        "ind1": "\\",
        "ind2": "\\",
        "subfields": [
          {
            "a": "First edition."
          }
        ]
      }
    },
    {
      "264": {
        "ind1": "\\",
        "ind2": "1",
        "subfields": [
          {
            "a": "New York :"
          },
          {
            "b": "Alfred A. Knopf,"
          },
          {
            "c": "1978."
          }
        ]
      }
    },
    {
      "300": {
        "ind1": "\\",
        "ind2": "\\",
        "subfields": [
          {
            "a": "263 pages :"
          },
          {
            "b": "illustrations (some color) ;"
          },
          {
            "c": "30 cm."
          }
        ]
      }
    },
    {
      "336": {
        "ind1": "\\",
        "ind2": "\\",
        "subfields": [
          {
            "a": "text"
          },
          {
            "b": "txt"
          },
          {
            "2": "rdacontent"
          }
        ]
      }
    },
    {
      "337": {
        "ind1": "\\",
        "ind2": "\\",
        "subfields": [
          {
            "a": "unmediated"
          },
          {
            "b": "n"
          },
          {
            "2": "rdamedia"
          }
        ]
      }
    },
    {
      "338": {
        "ind1": "\\",
        "ind2": "\\",
        "subfields": [
          {
            "a": "volume"
          },
          {
            "b": "nc"
          },
          {
            "2": "rdacarrier"
          }
        ]
      }
    },
    {
      "490": {
        "ind1": "1",
        "ind2": "\\",
        "subfields": [
          {
            "a": "Nelson A. Rockefeller collection"
          }
        ]
      }
    },
    {
      "504": {
        "ind1": "\\",
        "ind2": "\\",
        "subfields": [
          {
            "a": "Includes bibliographical references (pages 260-263)."
          }
        ]
      }
    },
    {
      "505": {
        "ind1": "0",
        "ind2": "\\",
        "subfields": [
          {
            "a": "Primitive art a perspective -- Faces -- Figures -- Animals -- Abstractions."
          }
        ]
      }
    },
    {
      "600": {
        "ind1": "1",
        "ind2": "0",
        "subfields": [
          {
            "a": "Rockefeller, Nelson A."
          },
          {
            "q": "(Nelson Aldrich),"
          },
          {
            "d": "1908-1979"
          },
          {
            "x": "Art collections."
          }
        ]
      }
    },
    {
      "650": {
        "ind1": "\\",
        "ind2": "0",
        "subfields": [
          {
            "a": "Art"
          },
          {
            "x": "Private collections."
          }
        ]
      }
    },
    {
      "600": {
        "ind1": "1",
        "ind2": "7",
        "subfields": [
          {
            "a": "Rockefeller, Nelson A."
          },
          {
            "q": "(Nelson Aldrich),"
          },
          {
            "d": "1908-1979."
          },
          {
            "2": "fast"
          },
          {
            "0": "(OCoLC)fst00016746"
          }
        ]
      }
    },
    {
      "650": {
        "ind1": "\\",
        "ind2": "7",
        "subfields": [
          {
            "a": "Art"
          },
          {
            "x": "Private collections."
          },
          {
            "2": "fast"
          },
          {
            "0": "(OCoLC)fst00815314"
          }
        ]
      }
    },
    {
      "655": {
        "ind1": "\\",
        "ind2": "7",
        "subfields": [
          {
            "a": "Catalogs."
          },
          {
            "2": "fast"
          },
          {
            "0": "(OCoLC)fst01423692"
          }
        ]
      }
    },
    {
      "655": {
        "ind1": "\\",
        "ind2": "2",
        "subfields": [
          {
            "a": "Catalog"
          }
        ]
      }
    },
    {
      "655": {
        "ind1": "\\",
        "ind2": "7",
        "subfields": [
          {
            "a": "Catalogs."
          },
          {
            "2": "lcgft"
          }
        ]
      }
    },
    {
      "700": {
        "ind1": "1",
        "ind2": "\\",
        "subfields": [
          {
            "a": "Boltin, Lee,"
          },
          {
            "e": "photographer."
          }
        ]
      }
    },
    {
      "700": {
        "ind1": "1",
        "ind2": "\\",
        "subfields": [
          {
            "a": "Newton, Douglas,"
          },
          {
            "d": "1920-2001."
          }
        ]
      }
    },
    {
      "700": {
        "ind1": "1",
        "ind2": "\\",
        "subfields": [
          {
            "a": "Malraux, Andre\u0301,"
          },
          {
            "d": "1901-1976,"
          },
          {
            "e": "writer of foreword."
          }
        ]
      }
    },
    {
      "700": {
        "ind1": "1",
        "ind2": "\\",
        "subfields": [
          {
            "a": "Rockefeller, Nelson A."
          },
          {
            "q": "(Nelson Aldrich),"
          },
          {
            "d": "1908-1979,"
          },
          {
            "e": "writer of introduction."
          }
        ]
      }
    },
    {
      "776": {
        "ind1": "0",
        "ind2": "8",
        "subfields": [
          {
            "i": "Online version:"
          },
          {
            "t": "Masterpieces of primitive art."
          },
          {
            "b": "1st ed."
          },
          {
            "d": "New York : Knopf, 1978"
          },
          {
            "w": "(OCoLC)627536216"
          }
        ]
      }
    },
    {
      "830": {
        "ind1": "\\",
        "ind2": "0",
        "subfields": [
          {
            "a": "Nelson A. Rockefeller collection."
          }
        ]
      }
    },
    {
      "856": {
        "ind1": "4",
        "ind2": "\\",
        "subfields": [
          {
            "a": "The New York Times"
          },
          {
            "u": "http://www.nytimes.com/1991/10/30/obituaries/lee-boltin-dies-at-73-a-photographer-of-art.html"
          }
        ]
      }
    },
    {
      "994": {
        "ind1": "\\",
        "ind2": "\\",
        "subfields": [
          {
            "a": "Z0"
          },
          {
            "b": "NYRVC"
          }
        ]
      }
    },
    {
      "948": {
        "ind1": "\\",
        "ind2": "\\",
        "subfields": [
          {
            "h": "NO HOLDINGS IN NYRVC - 1561 OTHER HOLDINGS"
          }
        ]
      }
    },
    {
      "999": {
        "ind1": "\\",
        "ind2": "\\",
        "subfields": [
          {
            "a": "00000000011221"
          },
          {
            "b": "Copy 1"
          }
        ]
      }
    },
    {
      "999": {
        "ind1": "\\",
        "ind2": "\\",
        "subfields": [
          {
            "a": "no barcode"
          },
          {
            "b": "Copy 2"
          }
        ]
      }
    }
  ]
}